@article{buehler2019deep,
  title={Deep hedging},
  author={Buehler, Hans and Gonon, Lukas and Teichmann, Josef and Wood, Ben},
  journal={Quantitative Finance},
  volume={19},
  number={8},
  pages={1271--1291},
  year={2019},
  publisher={Taylor \& Francis}
}

@article{murray2022deep,
	title={Deep Hedging: Continuous Reinforcement Learning for Hedging of General Portfolios across Multiple Risk Aversions},
	author={Murray, Phillip and Wood, Ben and Buehler, Hans and Wiese, Magnus and Pakkanen, Mikko S},
	journal={arXiv preprint arXiv:2207.07467},
	year={2022}
}

@article{corsi2009simple,
	title={A simple approximate long-memory model of realized volatility},
	author={Corsi, Fulvio},
	journal={Journal of Financial Econometrics},
	volume={7},
	number={2},
	pages={174--196},
	year={2009},
	publisher={Oxford University Press}
}

@article{hochreiter1997long,
	title={Long short-term memory},
	author={Hochreiter, Sepp and Schmidhuber, J{\"u}rgen},
	journal={Neural computation},
	volume={9},
	number={8},
	pages={1735--1780},
	year={1997},
	publisher={MIT Press}
}

@article{shephard2008designing,
	title={Designing realised kernels to measure the ex-post variation of equity prices in the presence of noise},
	author={Shephard, Neil and Lunde, Asger and Barndorff-Nielsen, Ole E and Hansen, Peter R},
	year={2008}
}

@article{cao2021deep,
  title={Deep hedging of derivatives using reinforcement learning},
  author={Cao, Jay and Chen, Jacky and Hull, John and Poulos, Zissis},
  journal={The Journal of Financial Data Science},
  volume={3},
  number={1},
  pages={10--27},
  year={2021},
  publisher={Institutional Investor Journals Umbrella}
}

@article{glosten1993relation,
	title={On the relation between the expected value and the volatility of the nominal excess return on stocks},
	author={Glosten, Lawrence R and Jagannathan, Ravi and Runkle, David E},
	journal={The journal of finance},
	volume={48},
	number={5},
	pages={1779--1801},
	year={1993},
	publisher={Wiley Online Library}
}

@article{engle1982autoregressive,
	title={Autoregressive conditional heteroscedasticity with estimates of the variance of United Kingdom inflation},
	author={Engle, Robert F},
	journal={Econometrica: Journal of the econometric society},
	pages={987--1007},
	year={1982},
	publisher={JSTOR}
}

@misc{sain1996nature,
	title={The nature of statistical learning theory},
	author={Sain, Stephan R},
	year={1996},
	publisher={Taylor \& Francis}
}

@article{ait2007maximum,
	title={Maximum likelihood estimation of stochastic volatility models},
	author={A{\"\i}t-Sahalia, Yacine and Kimmel, Robert},
	journal={Journal of financial economics},
	volume={83},
	number={2},
	pages={413--452},
	year={2007},
	publisher={Elsevier}
}

@article{wong2006changes,
	title={On changes of measure in stochastic volatility models},
	author={Wong, Bernard and Heyde, CC},
	journal={International Journal of Stochastic Analysis},
	volume={2006},
	year={2006},
	publisher={Hindawi}
}

@article{hull2017optimal,
	title={Optimal delta hedging for options},
	author={Hull, John and White, Alan},
	journal={Journal of Banking \& Finance},
	volume={82},
	pages={180--190},
	year={2017},
	publisher={Elsevier}
}

@inproceedings{wu2007variance,
	title={Variance Risk Premia},
	author={Wu, Liuren and Carr, Peter},
	booktitle={AFA 2005 Philadelphia Meetings},
	year={2007}
}

@article{broadie2006exact,
	title={Exact simulation of stochastic volatility and other affine jump diffusion processes},
	author={Broadie, Mark and Kaya, {\"O}zg{\"u}r},
	journal={Operations research},
	volume={54},
	number={2},
	pages={217--231},
	year={2006},
	publisher={INFORMS}
}

@article{feller1971introduction,
	title={An introduction to probability theory and its applications},
	author={Feller, William},
	journal={Vols. I \& II, Wiley I},
	volume={968},
	year={1971}
}

@article{bakshi2003delta,
	title={Delta-hedged gains and the negative market volatility risk premium},
	author={Bakshi, Gurdip and Kapadia, Nikunj},
	journal={The Review of Financial Studies},
	volume={16},
	number={2},
	pages={527--566},
	year={2003},
	publisher={Oxford University Press}
}

@article{carbonneau2021deep,
  title={Deep hedging of long-term financial derivatives},
  author={Carbonneau, Alexandre},
  journal={Insurance: Mathematics and Economics},
  volume={99},
  pages={327--340},
  year={2021},
  publisher={Elsevier}
}

@article{carbonneau2021equal,
  title={Equal risk pricing of derivatives with deep hedging},
  author={Carbonneau, Alexandre and Godin, Fr{\'e}d{\'e}ric},
  journal={Quantitative Finance},
  volume={21},
  number={4},
  pages={593--608},
  year={2021},
  publisher={Taylor \& Francis}
}

@article{horvath2021deep,
  title={Deep hedging under rough volatility},
  author={Horvath, Blanka and Teichmann, Josef and {\v{Z}}uri{\v{c}}, {\v{Z}}an},
  journal={Risks},
  volume={9},
  number={7},
  pages={138},
  year={2021},
  publisher={Multidisciplinary Digital Publishing Institute}
}

@article{du2020deep,
  title={Deep reinforcement learning for option replication and hedging},
  author={Du, Jiayi and Jin, Muyang and Kolm, Petter N and Ritter, Gordon and Wang, Yixuan and Zhang, Bofei},
  journal={The Journal of Financial Data Science},
  volume={2},
  number={4},
  pages={44--57},
  year={2020},
  publisher={Institutional Investor Journals Umbrella}
}

@article{buehler2021deep,
  title={Deep Hedging: Learning to Remove the Drift under Trading Frictions with Minimal Equivalent Near-Martingale Measures},
  author={Buehler, Hans and Murray, Phillip and Pakkanen, Mikko S and Wood, Ben},
  journal={arXiv preprint arXiv:2111.07844},
  year={2021}
}

@article{imaki2021no,
  title={No-transaction band network: A neural network architecture for efficient deep hedging},
  author={Imaki, Shota and Imajo, Kentaro and Ito, Katsuya and Minami, Kentaro and Nakagawa, Kei},
  journal={Available at SSRN 3797564},
  year={2021}
}

@article{mikkila2021empirical,
  title={Empirical Deep Hedging},
  author={Mikkil{\"a}, Oskari and Kanniainen, Juho},
  journal={Available at SSRN 3923529},
  year={2021}
}

@article{black1976pricing,
  title={The pricing of commodity contracts},
  author={Black, Fischer},
  journal={Journal of financial economics},
  volume={3},
  number={1-2},
  pages={167--179},
  year={1976},
  publisher={Elsevier}
}

@article{bental,
title = "An old-new concept of convex risk measures: The optimized certainty equivalent",
author = "Aharon Ben-Tal and Marc Teboulle",
year = "2007",
volume = "17",
pages = "449--476",
journal = "Mathematical Finance",
issn = "0960-1627",
publisher = "Wiley-Blackwell Publishing Ltd",
number = "3",
}

@article{faias2017optimal,
  title={Optimal option portfolio strategies: Deepening the puzzle of index option mispricing},
  author={Faias, Jos{\'e} Afonso and Santa-Clara, Pedro},
  journal={Journal of Financial and Quantitative Analysis},
  volume={52},
  number={1},
  pages={277--303},
  year={2017},
  publisher={Cambridge University Press}
}

@article{da2014method,
  title={A method for stochastic optimization},
  author={Da, Kingma},
  journal={arXiv preprint arXiv:1412.6980},
  year={2014}
}

@article{lutkebohmert2021robust,
  title={Robust deep hedging},
  author={L{\"u}tkebohmert, Eva and Schmidt, Thorsten and Sester, Julian},
  journal={Quantitative Finance},
  pages={1--16},
  year={2021},
  publisher={Taylor \& Francis}
}

@article{giurca2021delta,
  title={Delta hedging of derivatives using deep reinforcement learning},
  author={Giurca, Alexandru and Borovkova, Svetlana},
  journal={Available at SSRN 3847272},
  year={2021}
}

@article{bjork2003arbitrage,
  title={Arbitrage Theory in Continuous Time, 3rd ed. Oxford University Press},
  author={Bjork, Tomas},
  year={2009}
}

@article{delbaen1994general,
  title={A general version of the fundamental theorem of asset pricing},
  author={Delbaen, Freddy and Schachermayer, Walter},
  journal={Mathematische annalen},
  volume={300},
  number={1},
  pages={463--520},
  year={1994}
}

@misc{barndorff2009realized,
  title={Realized kernels in practice: Trades and quotes},
  author={Barndorff-Nielsen, Ole E and Hansen, P Reinhard and Lunde, Asger and Shephard, Neil},
  year={2009},
  publisher={Oxford University Press Oxford, UK}
}

@article{godin2016minimizing,
  title={Minimizing CVaR in global dynamic hedging with transaction costs},
  author={Godin, Fr{\'e}d{\'e}ric},
  journal={Quantitative Finance},
  volume={16},
  number={3},
  pages={461--475},
  year={2016},
  publisher={Taylor \& Francis}
}

@article{poulsen2009risk,
  title={Risk minimization in stochastic volatility models: model risk and empirical performance},
  author={Poulsen, Rolf and Schenk-Hopp{\'e}, Klaus Reiner and Ewald, Christian-Oliver},
  journal={Quantitative Finance},
  volume={9},
  number={6},
  pages={693--704},
  year={2009},
  publisher={Taylor \& Francis}
}

@incollection{black2019pricing,
  title={The pricing of options and corporate liabilities},
  author={Black, Fischer and Scholes, Myron},
  booktitle={World Scientific Reference on Contingent Claims Analysis in Corporate Finance: Volume 1: Foundations of CCA and Equity Valuation},
  pages={3--21},
  year={2019},
  publisher={World Scientific}
}

@article{heston1993closed,
  title={A closed-form solution for options with stochastic volatility with applications to bond and currency options},
  author={Heston, Steven L},
  journal={The review of financial studies},
  volume={6},
  number={2},
  pages={327--343},
  year={1993},
  publisher={Oxford University Press}
}

@article{duffie2000transform,
  title={Transform analysis and asset pricing for affine jump-diffusions},
  author={Duffie, Darrell and Pan, Jun and Singleton, Kenneth},
  journal={Econometrica},
  volume={68},
  number={6},
  pages={1343--1376},
  year={2000},
  publisher={Wiley Online Library}
}

@article{schmelzle2010option,
  title={Option pricing formulae using Fourier transform: Theory and application},
  author={Schmelzle, Martin},
  journal={Preprint, http://pfadintegral. com},
  year={2010}
}

@article{yin2019correcting,
  title={Correcting the bias in the Practitioner Black-Scholes method},
  author={Yin, Yun and Moffatt, Peter G},
  journal={Journal of Risk and Financial Management},
  volume={12},
  number={4},
  pages={157},
  year={2019},
  publisher={MDPI}
}

@article{dumas1998implied,
  title={Implied volatility functions: Empirical tests},
  author={Dumas, Bernard and Fleming, Jeff and Whaley, Robert E},
  journal={The Journal of Finance},
  volume={53},
  number={6},
  pages={2059--2106},
  year={1998},
  publisher={Wiley Online Library}
}

@article{jackel2015let,
  title={Let's be rational},
  author={J{\"a}ckel, Peter},
  journal={Wilmott},
  volume={2015},
  number={75},
  pages={40--53},
  year={2015},
  publisher={Wiley Online Library}
}

@article{delbaen1994general,
	title={A general version of the fundamental theorem of asset pricing},
	author={Delbaen, Freddy and Schachermayer, Walter},
	journal={Mathematische annalen},
	volume={300},
	number={1},
	pages={463--520},
	year={1994}
}

@article{sivenrisk,
	title={Risk-Minimizing Static Hedges of Exotic Options},
	author={Siven, Johannes and Poulsen, Rolf}
}

@article{ilhan2009optimal,
	title={Optimal static-dynamic hedges for exotic options under convex risk measures},
	author={Ilhan, Ayta{\c{c}} and Jonsson, Mattias and Sircar, Ronnie},
	journal={Stochastic Processes and their Applications},
	volume={119},
	number={10},
	pages={3608--3632},
	year={2009},
	publisher={Elsevier}
}

@article{follmer2002convex,
	title={Convex measures of risk and trading constraints},
	author={F{\"o}llmer, Hans and Schied, Alexander},
	journal={Finance and stochastics},
	volume={6},
	number={4},
	pages={429--447},
	year={2002},
	publisher={Springer}
}

@article{ederington1979hedging,
	title={The hedging performance of the new futures markets},
	author={Ederington, Louis H},
	journal={The journal of finance},
	volume={34},
	number={1},
	pages={157--170},
	year={1979},
	publisher={JSTOR}
}

@article{schweizer1995variance,
	title={Variance-optimal hedging in discrete time},
	author={Schweizer, Martin},
	journal={Mathematics of Operations Research},
	volume={20},
	number={1},
	pages={1--32},
	year={1995},
	publisher={INFORMS}
}

@book{follmer1990hedging,
	title={Hedging of contingent claims under incomplete information},
	author={F{\"o}llmer, Hans and Schweizer, Martin and others},
	year={1990},
	publisher={Rheinische Friedrich-Wilhelms-Universit{\"a}t Bonn}
}

@article{kokholm2015joint,
	title={Joint pricing of VIX and SPX options with stochastic volatility and jump models},
	author={Kokholm, Thomas and Stisen, Martin},
	journal={The Journal of Risk Finance},
	year={2015},
	publisher={Emerald Group Publishing Limited}
}

@book{gatheral2011volatility,
	title={The volatility surface: a practitioner's guide},
	author={Gatheral, Jim},
	year={2011},
	publisher={John Wiley \& Sons}
}

@article{hansen2012realized,
	title={Realized GARCH: a joint model for returns and realized measures of volatility},
	author={Hansen, Peter Reinhard and Huang, Zhuo and Shek, Howard Howan},
	journal={Journal of Applied Econometrics},
	volume={27},
	number={6},
	pages={877--906},
	year={2012},
	publisher={Wiley Online Library}
}

@article{hansen2006realized,
	title={Realized variance and market microstructure noise},
	author={Hansen, Peter R and Lunde, Asger},
	journal={Journal of Business \& Economic Statistics},
	volume={24},
	number={2},
	pages={127--161},
	year={2006},
	publisher={Taylor \& Francis}
}

@article{ahmad2005free,
	title={Which free lunch would you like today, sir?: Delta hedging, volatility arbitrage and optimal portfolios},
	author={Ahmad, Riaz and Wilmott, Paul},
	journal={Wilmott},
	pages={64--79},
	year={2005},
	publisher={Citeseer}
}

@article{ellersgaard2017fundamental,
	title={The fundamental theorem of derivative trading-exposition, extensions and experiments},
	author={Ellersgaard, Simon and J{\"o}nsson, Martin and Poulsen, Rolf},
	journal={Quantitative Finance},
	volume={17},
	number={4},
	pages={515--529},
	year={2017},
	publisher={Taylor \& Francis}
}

@article{carbonneau2021non_translational,
	title={Deep equal risk pricing of financial derivatives with non-translation invariant risk measures},
	author={Carbonneau, Alexandre and Godin, Fr{\'e}d{\'e}ric},
	journal={arXiv preprint arXiv:2107.11340},
	year={2021}
}

@techreport{schweizer1999guided,
	title={A guided tour through quadratic hedging approaches},
	author={Schweizer, Martin},
	year={1999},
	institution={SFB 373 Discussion Paper}
}

@article{nelson1987parsimonious,
	title={Parsimonious modeling of yield curves},
	author={Nelson, Charles R and Siegel, Andrew F},
	journal={Journal of business},
	pages={473--489},
	year={1987},
	publisher={JSTOR}
}